@article    {Abubakar2015,
author    = {Abubakar, R. and Muxworthy, A. R. and Sephton, M. A. and Southern, P. and Watson, J. S. and Fraser, A. J and Almeida, T. P.},
title     = {Formation of magnetic minerals in hydrocarbon-generation conditions},
journal   = {Mar. Petrol. Geol.},
volume    = {68},
year      = {2015},
pages     = {509--519},
DOI       = {10.1016/j.marpetgeo.2015.10.003},
url       = {https://dx.doi.org/10.1016/j.marpetgeo.2015.10.003},
//publisher = {Elsevier},
}

@article    {Almeida2014,
title     = {Observing thermomagnetic stability of nonideal magnetite particles: good paleomagnetic recorders?},
author    = {Almeida, T. P. and Kasama, T. and Muxworthy, A. R. and Williams, W. and Nagy, L. and Dunin-Borkowski, R. E.},
journal   = {Geophys. Res. Lett.},
volume    = {41},
number    = {20},
pages     = {7041--7047},
year      = {2014},
DOI       = {10.1002/2014GL061432},
url       = {https://dx.doi.org/10.1002/2014GL061432},
//publisher={American Geophysical Union}
}

@article    {Acton2007,
title     = {Micromagnetic coercivity distributions and interactions in chondrules with implications for paleointensities of the early solar system},
author    = {Acton, G. and Yin, Q. Z. and Verosub, K. L. and Jovane, L. and Roth, A. and Jacobsen, B. and Ebel, D. S.},
journal   = {J. Geophys. Res.},
volume    = {112},
number    = {B3},
year      = {2007},
DOI       = {10.1029/2006JB004655},
url       = {https://dx.doi.org/10.1029/2006JB004655},
//publisher = {Wiley Online Library},
}

@article    {Alnaes2015,
author    = {Aln{\ae}s, M. and Blechta, J. and Hake, J. and Johansson, A. and Kehlet, B. and Logg, A. and Richardson, C. and Ring, J. and Rognes, M. E. and Wells, G. N.},
title     = {The {FE}ni{CS} Project Version 1.5},
journal   = {Archive of Numerical Software},
volume    = {3},
number    = {100},
year      = {2015},
pages     = {9--23},
DOI       = {10.11588/ans.2015.100.20553},
url       = {https://dx.doi.org/10.11588/ans.2015.100.20553},
}

@article    {Armijo1966,
title     = {Minimization of functions having {L}ipschitz continuous first partial derivatives},
author    = {Armijo, L.},
journal   = {Pac. J. Math.},
volume    = {16},
number    = {1},
pages     = {1--3},
year      = {1966},
DOI       = {10.2140/pjm.1966.16.1},
url       = {https://dx.doi.org/10.2140/pjm.1966.16.1},
//publisher = {Mathematical Sciences Publishers},
}

@article    {Babinszki2007,
author    = {Babinszki, E. and M{\'a}rton, E. and M{\'a}rton, P. and Kiss, L. F.},
title     = {Widespread occurrence of greigite in the sediments of {L}ake {P}annon: {I}mplications for environment and magnetostratigraphy},
journal   = {Palaeogeogr. Palaeocl.},
volume    = {252},
number    = {3},
year      = {2007},
pages     = {626--636},
DOI       = {10.1016/j.palaeo.2007.06.001},
url       = {https://dx.doi.org/10.1016/j.palaeo.2007.06.001},
//publisher = {Elsevier},
}

@article    {Berner1984,
author    = {Berner, R. A.},
title     = {Sedimentary pyrite formation: {A}n update},
journal   = {Geochim. Cosmochim. Ac.},
volume    = {48},
number    = {4},
year      = {1984},
pages     = {605--615},
DOI       = {10.1016/0016-7037(84)90089-9},
url       = {https://dx.doi.org/10.1016/0016-7037(84)90089-9},
//publisher = {Elsevier},
}

@article    {Berkov1998,
author    = {Berkov, D. V.},
title     = {Numerical calculation of the energy barrier distribution in disordered many-particle systems: {T}he path integral method},
journal   = {J. Magn. Magn. Mater.},
volume    = {186},
number    = {1},
year      = {1998},
pages     = {199--213},
DOI       = {10.1016/S0304-8853(98)00078-X},
url       = {https://dx.doi.org/10.1016/S0304-8853(98)00078-X},
//publisher = {Elsevier},
}

@article    {Biasi2016,
title     = {Quantitative study of {FORC} diagrams in thermally corrected {Stoner--Wohlfarth} nanoparticles systems},
author    = {De Biasi, E. and Curiale, J. and Zysler, R. D.},
journal   = {J. Magn. Magn. Mater.},
volume    = {419},
pages     = {580--587},
year      = {2016},
DOI       = {10.1016/j.jmmm.2016.06.075},
url       = {https://dx.doi.org/10.1016/j.jmmm.2016.06.075},
//publisher={Elsevier},
}

@book       {Brown,
author    = {Brown Jr., W. F.},
title     = {Micromagnetics},
publisher = {Interscience},
address   = {New York},
year      = {1963},
}

@article    {Carvallo2003,
title     = {Micromagnetic modeling of first-order reversal curve ({FORC}) diagrams for single-domain and pseudo-single-domain magnetite},
author    = {Carvallo, Claire and Muxworthy, Adrian R. and Dunlop, David J. and Williams, Wyn},
journal   = {Earth Planet. Sc. Lett.},
volume    = {213},
number    = {3},
pages     = {375--390},
year      = {2003},
DOI       = {10.1016/S0012-821X(03)00320-0},
url       = {https://dx.doi.org/10.1016/S0012-821X(03)00320-0},
//publisher = {Elsevier},
}

@article    {Carvallo2006,
title     = {First-order reversal curve ({FORC}) diagrams of magnetic mixtures: {M}icromagnetic models and measurements},
author    = {Carvallo, Claire and Muxworthy, Adrian R. and Dunlop, David J.},
journal   = {Phys. Earth Planet. In.},
volume    = {154},
number    = {3},
pages     = {308--322},
year      = {2006},
DOI       = {10.1016/j.pepi.2005.06.017},
url       = {https://dx.doi.org/10.1016/j.pepi.2005.06.017},
//publisher = {Elsevier},
}

@article    {Carvallo2006B,
title     = {Low-temperature first-order reversal curve ({FORC}) diagrams for synthetic and natural samples},
author    = {Carvallo, Claire and Muxworthy, Adrian},
journal   = {Geochem. Geophys. Geosyst.},
volume    = {7},
number    = {9},
year      = {2006},
DOI       = {10.1029/2006GC001299},
url       = {https://dx.doi.org/10.1029/2006GC001299},
//publisher = {Wiley Online Library},
}

@article    {Chang2008,
author    = {Chang, L. and Roberts, A. P. and Tang, Y. and Rainford, B. D. and Muxworthy, A. R. and Chen, Q.},
title     = {Fundamental magnetic parameters from pure synthetic greigite ({F}e$_3${S}$_4$)},
journal   = {J. Geophys. Res.},
volume    = {113},
number    = {B6},
year      = {2008},
DOI       = {10.1029/2007JB005502},
url       = {https://dx.doi.org/10.1029/2007JB005502},
//publisher = {American Geophysical Union},
}

@article    {Chang2009,
author    = {Chang, L. and Rainford, B. D. and Stewart, J. R. and Ritter, C. and Roberts, A. P. and Tang, Y. and Chen, Q.},
title     = {Magnetic structure of greigite ({F}e$_3${S}$_4$) probed by neutron powder diffraction and polarized neutron diffraction},
journal   = {J. Geophys. Res.},
volume    = {114},
number    = {B7},
year      = {2009},
DOI       = {10.1029/2008JB006260},
url       = {https://dx.doi.org/10.1029/2008JB006260},
//publisher = {American Geophysical Union},
}

@article    {Chen2007,
title     = {First-order reversal curve ({FORC}) diagrams of natural and cultured biogenic magnetic particles},
author    = {Chen, Amy P. and Egli, Ramon and Moskowitz, Bruce M.},
journal   = {J. Geophys. Res.},
volume    = {112},
number    = {B8},
year      = {2007},
DOI       = {10.1029/2006JB004575},
url       = {https://dx.doi.org/10.1029/2006JB004575},
//publisher={Wiley Online Library},
}

@article    {Day1977,
title     = {Hysteresis properties of titanomagnetites: {G}rain-size and compositional dependence},
author    = {Day, R. and Fuller, M. and Schmidt, V. A.},
journal   = {Phys. Earth Planet. In.},
volume    = {13},
number    = {4},
pages     = {260--267},
year      = {1977},
doi       = {10.1016/0031-9201(77)90108-X},
url       = {https://dx.doi.org/10.1016/0031-9201(77)90108-X},
//publisher = {Elsevier},
}

@article    {Diaz-Ricci1992,
author    = {Diaz-Ricci, J. C. and Kirschvink, J. L.},
title     = {Magnetic domain state and coercivity predictions for biogenic greigite ({F}e$_3${S}$_4$): {A} comparison of theory with magnetosome observations},
journal   = {J. Geophys. Res.},
volume    = {97},
number    = {B12},
year      = {1992},
pages     = {17309–17315},
DOI       = {10.1029/92JB01290},
url       = {https://dx.doi.org/10.1029/92JB01290},
//publisher = {American Geophysical Union},
}

@article    {Dittrich2002,
author    = {Dittrich, R. and Schrefl, T. and Suess, D. and Scholz, W. and Forster, H. and Fidler, J.},
title     = {A path method for finding energy barriers and minimum energy paths in complex micromagnetic systems},
journal   = {J. Magn. Magn. Mater.},
volume    = {250},
year      = {2002},
pages     = {12--19},
DOI       = {10.1016/S0304-8853(02)00388-8},
url       = {https://dx.doi.org/10.1016/S0304-8853(02)00388-8},
//number    = {},
//publisher = {Elsevier},
}

@article    {Donovan1984,
author    = {Donovan, T. J. and Hendricks, J. D. and Roberts, A. A. and Eliason, P. T.},
title     = {Low-altitude aeromagnetic reconaissance for petroleum in the {A}rctic {N}ational {W}ildlife {R}efuge, {A}laska},
journal   = {Geophysics},
volume    = {49},
number    = {8},
pages     = {1338--1353},
year      = {1984},
DOI       = {10.1190/1.1441760},
url       = {https://dx.doi.org/10.1190/1.1441760},
//publisher = {Society of Exploration Geophysicists},
}

@article    {Dumas2007,
title     = {Magnetic fingerprints of sub-100 nm {Fe} dots},
author    = {Dumas, R. K. and Li, C. P. and Roshchin, I. V. and Schuller, I. K. and Liu, K.},
journal   = {Phys. Rev. B},
volume    = {75},
number    = {13},
pages     = {134405},
year      = {2007},
DOI       = {10.1103/PhysRevB.75.134405},
url       = {https://dx.doi.org/10.1103/PhysRevB.75.134405},
//publisher = {APS},
}

@book       {Dunlop,
author    = {Dunlop, D. J. and {\"O}zdemir, {\"O}.},
title     = {Rock Magnetism},
publisher = {Cambridge University Press},
address   = {Cambridge},
year      = {1997},
}

@article    {Egli2010,
title     = {Detection of noninteracting single domain particles using first-order reversal curve diagrams},
author    = {Egli, R. and Chen, A. P. and Winklhofer, M. and Kodama, K. P. and Horng, C.},
journal   = {Geochem. Geophys. Geosyst.},
volume    = {11},
number    = {1},
year      = {2010},
DOI       = {10.1029/2009GC002916},
url       = {https://dx.doi.org/10.1029/2009GC002916},
//publisher = {Wiley Online Library},
}

@article    {Egli2014,
title     = {Recent developments on processing and interpretation aspects of first-order reversal curves ({FORC})},
author    = {Egli, R. and Winklhofer, M.},
journal   = {Proc. Kazan U. Nat. Sc.},
volume    = {156},
number    = {1},
year      = {2014},
//publisher = {Федеральное государственное автономное образовательное учреждение высшего образования {\guillemotleft}Казанский (Приволжский) федеральный университет{\guillemotright}},
}

@article    {Enkin1994,
title     = {Three-dimensional micromagnetic analysis of stability in fine magnetic grains},
author    = {Enkin, R. J. and Williams, W.},
journal   = {J. Geophys. Res.},
volume    = {99},
number    = {B1},
year      = {1994},
pages     = {611--618},
DOI       = {10.1029/93JB02637},
url       = {https://dx.doi.org/10.1029/93JB02637},
//publisher = {American Geophysical Union},
}

@misc       {Fabian2017,
title     = {Energy barriers in three-dimensional micromagnetic models and the physics of thermo-viscous magnetization in multidomain particles},
author    = {Fabian, K. and Shcherbakov, V. P.},
note      = {{a}rXiv:1702.00070 [physics.geo-ph]},
year      = {2017},
url       = {https://arxiv.org/abs/1702.00070},
//volume    = {},
//pages     = {},
//DOI       = {},
//number    = {},
//publisher = {},
}

@article    {Fischbacher2017,
title     = {Nonlinear conjugate gradient methods in micromagnetics},
author    = {Fischbacher, J. and Kovacs, A. and Oezelt, H. and Schrefl, T. and Exl, L. and Fidler, J. and Suess, D. and Sakuma, N. and Yano, M. and Kato, A. and Shoji, T. and Manabe, A.},
journal   = {AIP Adv.},
volume    = {7},
number    = {4},
year      = {2017},
pages     = {045310},
DOI       = {10.1063/1.4981902},
url       = {https://dx.doi.org/10.1063/1.4981902},
//publisher = {American Institute of Physics},
}

@article    {Fredkin1990,
title     = {Hybrid method for computing demagnetizing fields},
author    = {Fredkin, D. R. and Koehler, T. R.},
journal   = {IEEE T. Magn.},
volume    = {26},
number    = {2},
pages     = {415--417},
year      = {1990},
DOI       = {10.1109/20.106342},
url       = {https://dx.doi.org/10.1109/20.106342},
//publisher={IEEE},
}

@article    {Gilbert2004,
title     = {A phenomenological theory of damping in ferromagnetic materials},
author    = {Gilbert, T. L.},
journal   = {IEEE T. Magn.},
volume    = {6},
year      = {2004},
pages     = {3443--3449},
DOI       = {10.1109/TMAG.2004.836740},
url       = {https://dx.doi.org/10.1109/TMAG.2004.836740},
//publisher = {IEEE},
}

@article    {Graham1958,
title     = {Magnetocrystalline anisotropy constants of iron at room temperature and below},
author    = {Graham Jr., C. D.},
journal   = {Phys. Rev.},
volume    = {112},
number    = {4},
pages     = {1117},
year      = {1958},
DOI       = {10.1103/PhysRev.112.1117},
url       = {https://doi.org/10.1103/PhysRev.112.1117},
//publisher={APS},
}

@article    {Harrison2014,
title     = {FORCulator: A micromagnetic tool for simulating first-order reversal curve diagrams},
author    = {Harrison, R. J. and Lascu, I.},
journal   = {Geochem. Geophys. Geosyst.},
volume    = {15},
number    = {12},
pages     = {4671--4691},
year      = {2014},
DOI       = {10.1002/2014GC005582},
url       = {https://dx.doi.org/10.1002/2014GC005582},
//publisher = {Wiley Online Library},
}

@article    {Heslop2014,
title     = {Characterizing magnetofossils from first-order reversal curve ({FORC}) central ridge signatures},
author    = {Heslop, D. and Roberts, A. P. and Chang, L.},
journal   = {Geochemistry, Geophysics, Geosystems},
volume    = {15},
number    = {6},
pages     = {2170--2179},
year      = {2014},
DOI       = {10.1002/2014GC005291},
url       = {https://dx.doi.org/10.1002/2014GC005291},
//publisher={Wiley Online Library},
}

@article    {Hunger2007,
title     = {Greigite: a true intermediate on the polysulfide pathway to pyrite},
author    = {Hunger, S. and Benning, L. G.},
journal   = {Geochem. T.},
volume    = {8},
number    = {1},
year      = {2007},
pages     = {605--615},
DOI       = {10.1186/1467-4866-8-1},
url       = {https://dx.doi.org/10.1186/1467-4866-8-1},
//publisher = {Springer International Publishing},
}

@article    {Imhoff1990,
title     = {An original solution for unbounded electromagnetic 2{D}- and 3{D}-problems throughout the finite element method},
author    = {Imhoff, J. F. and Meunler, G. and Brunotte, X. and Sabonnadi{\`e}re, J. C.},
journal   = {IEEE T. Magn.},
volume    = {26},
number    = {5},
pages     = {1659--1661},
year      = {1990},
DOI       = {10.1109/20.104482},
url       = {https://dx.doi.org/10.1109/20.104482},
//publisher = {IEEE},
}

@article    {Krasa2011,
title     = {Room- and low-temperature magnetic properties of {2-D} magnetite particle arrays},
author    = {Kr{\'a}sa, D. and Muxworthy, A. R. and Williams, W.},
journal   = {Geophys. J. Int.},
volume    = {185},
number    = {1},
pages     = {167--180},
year      = {2011},
DOI       = {10.1111/j.1365-246X.2011.04956.x},
url       = {https://dx.doi.org/10.1111/j.1365-246X.2011.04956.x},
//publisher = {Oxford University Press},
}

@article    {Landau1935,
title     = {On the theory of the dispersion of magnetic permeability in ferromagnetic bodies	},
author    = {Landau, L. D. and Lifshitz, E.},
journal   = {Phys. Z. Sowjetunion},
volume    = {8},
number    = {153},
year      = {1935},
pages     = {101--114},
}

@article    {Larrasoana2007,
title     = {Diagenetic formation of greigite and pyrrhotite in gas hydrate marine sedimentary systems},
author    = {Larrasoa{\~n}a, J. C. and Roberts, A. P. and Musgrave, R. J. and Gr{\`a}cia, E. and Pi{\~n}ero, E. and Vega, M. and Mart{\'\i}nez-Ruiz, F.},
journal   = {Earth Planet. Sc. Lett.},
volume    = {261},
number    = {3},
year      = {2007},
pages     = {350--366},
DOI       = {10.1016/j.epsl.2007.06.032},
url       = {https://dx.doi.org/10.1016/j.epsl.2007.06.032},
//publisher = {Elsevier},
}

@article    {Lefevre2011,
author    = {Lef{\`e}vre, C. T. and Menguy, N. and Abreu, F. and Lins, U. and P{\'o}sfai, M. and Prozorov, T. and Pignol, D. and Frankel, R. B. and Bazylinski, D. A.},
title     = {A cultured greigite-producing magnetotactic bacterium in a novel group of sulfate-reducing bacteria},
journal   = {Science},
volume    = {334},
number    = {6063},
year      = {2011},
pages     = {1720--1723},
DOI       = {10.1126/science.1212596},
url       = {https://dx.doi.org/10.1126/science.1212596},
//publisher = {American Association for the Advancement of Science},
}

@article    {Li2014,
title     = {High-purity {F}e$_\text{3}${S}$_\text{4}$ greigite microcrystals for magnetic and electrochemical performance},
author    = {Li, G. and Zhang, B. and Yu, F. and Novakova, A. A. and Krivenkov, M. S. and Kiseleva, T. Y. and Chang, L. and Rao, J. and Polyakov, A. O. and Blake, G. R. and de Groot, R. A. and Palstra, T. T. M.},
journal   = {Chem. Mater.},
volume    = {26},
number    = {20},
year      = {2014},
pages     = {5821--5829},
DOI       = {10.1021/cm501493m},
url       = {https://dx.doi.org/10.1021/cm501493m},
//publisher = {ACS Publications},
}

@article    {Mann1990,
author    = {Mann, S. and Sparks, N. H. C. and Frankel, R. B. and Bazylinski, D. A. and Jannasch, H. W.},
title     = {Biomineralization of ferrimagnetic greigite ({F}e$_3${S}$_4$) and iron pyrite ({F}e{S}$_2$) in a magnetotactic bacterium},
journal   = {Nature},
volume    = {343},
number    = {6255},
year      = {1990},
pages     = {258--261},
DOI       = {10.1038/343258a0},
url       = {https://dx.doi.org/10.1038/343258a0},
//publisher = {Nature Publishing Group},
}

@article    {McNab1968,
title     = {Some magnetic properties of magnetite ({F}e$_3${O}$_4$) microcrystals},
author    = {McNab, T. K. and Fox, R. A. and Boyle, A. J. F.},
journal   = {J. Appl. Phys.},
volume    = {39},
number    = {12},
pages     = {5703--5711},
year      = {1968},
DOI       = {10.1063/1.1656035},
url       = {https://dx.doi.org/10.1063/1.1656035},
//publisher = {AIP Publishing},
}

@article    {Mayergoyz1986,
title     = {Mathematical models of hysteresis},
author    = {Mayergoyz, I.},
journal   = {IEEE T. Magn.},
volume    = {22},
number    = {5},
pages     = {603--608},
year      = {1986},
DOI       = {10.1109/TMAG.1986.1064347},
url       = {https://dx.doi.org/10.1109/TMAG.1986.1064347},
//publisher = {IEEE},
}

@article    {Muxworthy2004,
title     = {Influence of magnetostatic interactions on first-order-reversal-curve ({FORC}) diagrams: a micromagnetic approach},
author    = {Muxworthy, A. R. and Heslop, D. and Williams, W.},
journal   = {Geophys. J. Int.},
volume    = {158},
number    = {3},
pages     = {888--897},
year      = {2004},
DOI       = {10.1111/j.1365-246X.2004.02358.x},
url       = {https://dx.doi.org/10.1111/j.1365-246X.2004.02358.x},
//publisher = {Oxford University Press},
}

@article    {Muxworthy2005,
title     = {Magnetostatic interaction fields in first-order-reversal-curve diagrams},
author    = {Muxworthy, A. R. and Williams, W.},
journal   = {J. Appl. Phys.},
volume    = {97},
number    = {6},
pages     = {063905},
year      = {2005},
DOI       = {10.1063/1.1861518},
url       = {https://dx.doi.org/10.1063/1.1861518},
//publisher={AIP},
}

@article    {Muxworthy2005B,
title     = {Assessing the ability of first-order reversal curve ({FORC}) diagrams to unravel complex magnetic signals},
author    = {Muxworthy, A. R. and King, J. G. and Heslop, D.},
journal   = {J. Geophys. Res.},
volume    = {110},
number    = {B1},
year      = {2005},
DOI       = {10.1029/2004JB003195},
url       = {https://dx.doi.org/10.1029/2004JB003195},
//publisher={Wiley Online Library},
}

@article    {Muxworthy2006,
title     = {Critical single-domain/multidomain grain sizes in noninteracting and interacting elongated magnetite particles: {I}mplications for magnetosomes},
author    = {Muxworthy, A. R. and Williams, W.},
journal   = {J. Geophys. Res.},
volume    = {111},
number    = {B12},
year      = {2006},
pages     = {},
DOI       = {10.1029/2006JB004588},
url       = {https://dx.doi.org/10.1029/2006JB004588},
//publisher = {American Geophysical Union},
}

@article    {Muxworthy2006B,
title     = {Magnetic hysteresis properties of interacting and noninteracting micron-sized magnetite produced by electron beam lithography},
author    = {Muxworthy, A. R. and King, J. G. and Odling, N.},
journal   = {Geochem. Geophys. Geosyst.},
volume    = {7},
number    = {7},
year      = {2006},
DOI       = {10.1029/2006GC001309},
url       = {https://dx.doi.org/10.1029/2006GC001309},
//publisher={Wiley Online Library},
}

@article    {Muxworthy2013,
title     = {Critical single domain grain sizes in chains of interacting greigite particles: {I}mplications for magnetosome crystals},
author    = {Muxworthy, A. R. and Williams, W. and Roberts, A. P. and Winklhofer, M. and Chang, L. and P{\'o}sfai, M.},
journal   = {Geochem. Geophys. Geosyst.},
volume    = {14},
number    = {2},
year      = {2013},
pages     = {5430--5441},
DOI       = {10.1002/2013GC004973},
url       = {https://dx.doi.org/10.1002/2013GC004973},
//publisher = {American Geophysical Union},
}

@article    {Muxworthy2002,
title     = {First-order reversal curve (FORC) diagrams for pseudo-single-domain magnetites at high temperature},
author    = {Muxworthy, A. R. and Dunlop, D. J.},
journal   = {Earth Planet. Sc. Lett.},
volume    = {203},
number    = {1},
pages     = {369--382},
year      = {2002},
DOI       = {10.1016/S0012-821X(02)00880-4},
url       = {https://dx.doi.org/10.1016/S0012-821X(02)00880-4},
//publisher={Elsevier},
}

@phdthesis  {Nagy2016,
title     = {Parallelisation of micromagnetic simulations},
author    = {Nagy, L.},
school    = {University of Edinburgh},
year      = {2016},
//pages     = {},
//DOI       = {},
//number    = {},
//publisher = {},
}

@article    {Nagy2017,
title     = {Stability of equidimensional pseudo-single domain magnetite over billion-year timescales},
author    = {Nagy, L. and Williams, W. and Muxworthy, A. R. and Fabian, K. and Almeida, T. P. and {\'O} Conbhu{\'i}, P. and Shcherbakov, V. P.},
year      = {2017},
journal   = {P. Natl. Acad. Sci. USA},
volume    = {114},
number    = {39},
pages     = {10356--10360},
DOI       = {10.1073/pnas.1708344114},
url       = {https://dx.doi.org/10.1073/pnas.1708344114 },
//publisher = {United States National Academy of Sciences},
}

@article    {Neel1949,
title     = {Th{\'e}orie du tra{\^{i}}nage magn{\'e}tique des ferromagn{\'e}tiques en grains fins avex applications aux terres cuites},
author    = {N{\'e}el, L.},
journal   = {Ann. Geophys.},
volume    = {5},
year      = {1949},
pages     = {99--136},
}

@article    {Neel1955,
title     = {Some theoretical aspects of rock-magnetism},
author    = {N{\'e}el, L.},
journal   = {Adv. Phys.},
volume    = {4},
number    = {14},
year      = {1955},
pages     = {191--243},
DOI       = {10.1080/00018735500101204},
url       = {https://dx.doi.org/10.1080/00018735500101204},
//publisher = {Taylor \& Francis},
}

@article    {Newell2005,
title     = {A high-precision model of first-order reversal curve ({FORC}) functions for single-domain ferromagnets with uniaxial anisotropy},
author    = {Newell, A. J.},
journal   = {Geochem. Geophys. Geosyst.},
volume    = {6},
number    = {5},
year      = {2005},
DOI       = {10.1029/2004GC000877},
url       = {https://dx.doi.org/10.1029/2004GC000877},
//publisher = {Wiley Online Library},
}

@article    {OConbhui2017,
title     = {{MERRILL: Micromagnetic Earth Related Robust Interpreted Language Laboratory}},
author    = {\'O Conbhu\'i, P. and Williams, W. and Fabian, K. and Ridley, P. and Nagy, L. and Muxworthy, A. R.},
year      = {2017},
note      = {. Submitted to Geochem. Geophys. Geosyst.},
//journal   = {},
//volume    = {},
//number    = {},
//DOI       = {},
//url       = {},
//publisher = {Wiley Online Library},
}

@article    {Pike1999,
title     = {Characterizing interactions in fine magnetic particle systems using first order reversal curves},
author    = {Pike, C. R. and Roberts, A. P. and Verosub, K. L.},
journal   = {J. Appl. Phys.},
volume    = {85},
number    = {9},
pages     = {6660--6667},
year      = {1999},
DOI       = {10.1063/1.370176},
url       = {https://dx.doi.org/10.1063/1.370176},
//publisher={AIP},
}

@article    {Pike1999B,
title     = {An investigation of magnetic reversal in submicron-scale {Co} dots using first order reversal curve diagrams},
author    = {Pike, C. and Fernandez, A.},
journal   = {J. Appl. Phys.},
volume    = {85},
number    = {9},
pages     = {6668--6676},
year      = {1999},
DOI       = {10.1063/1.370177},
url       = {https://dx.doi.org/10.1063/1.370177},
//publisher = {AIP},
}

@article    {Pike2001,
title     = {An investigation of multi-domain hysteresis mechanisms using {FORC} diagrams},
author    = {Pike, C. R. and Roberts, A. P. and Dekkers, M. J. and Verosub, K. L.},
journal   = {Phys. Earth Planet. Inter.},
volume    = {126},
number    = {1},
pages     = {11--25},
year      = {2001},
DOI       = {10.1016/S0031-9201(01)00241-2},
url       = {https://dx.doi.org/10.1016/S0031-9201(01)00241-2},
//publisher={Elsevier},
}

@article    {Pike2005,
title     = {First-order reversal curve diagram analysis of a perpendicular nickel nanopillar array},
author    = {Pike, C. R. and Ross, C. A. and Scalettar, R. T. and Zimanyi, G.},
journal   = {Phys. Rev. B},
volume    = {71},
number    = {13},
pages     = {134407},
year      = {2005},
DOI       = {10.1103/PhysRevB.71.134407},
url       = {https://doi.org/10.1103/PhysRevB.71.134407},
//publisher={APS},
}

@article    {Proenca2017,
author    = {Proenca, M. P. and Sousa, C. T. and Ventura, J. and Garcia, J. and Vazquez, M. and Araujo, J. P.},
title     = {Identifying weakly-interacting single domain states in {Ni} nanowire arrays by {FORC}},
journal   = {J. Alloy. Compd.},
volume    = {699},
number    = {C},
pages     = {421--429},
year      = {2017},
DOI       = {10.1016/j.jallcom.2016.12.340},
url       = {https://dx.doi.org/10.1016/j.jallcom.2016.12.340},
//publisher = {Elsevier},
}

@article    {Rave1998,
title     = {Corners and nucleation in micromagnetics},
author    = {Rave, W. and Ramst{\"o}ck, K. and Hubert, A.},
journal   = {J. Magn. Magn. Mater.},
volume    = {183},
number    = {3},
year      = {1998},
pages     = {329--333},
DOI       = {10.1016/S0304-8853(97)01086-X},
url       = {https://dx.doi.org/10.1016/S0304-8853(97)01086-X},
//publisher = {Elsevier},
}

@inproceedings {Reynolds1993,
title        = {Sulfidization and magnetization above hydrocarbon reservoirs},
author       = {Reynolds, R. L. and Goldhaber, M. B. and Tuttle, M. L.},
booktitle    = {Applications of Paleomagnetism to Sedimentary Geology},
editor       = {A{\"i}ssaoui, D. M. and McNeill, D. F. and Hurley, N. F.},
series       = {SEPM Special Publication},
number       = {49},
pages        = {167--179},
address	     = {Tulsa, Oklahoma, U.S.A.},
organization = {SEPM (Society for Sedimentary Geology)},
publisher    = {SEPM (Society for Sedimentary Geology)},
year         = {1993},
month        = {September},
}

@article    {Roberts2000,
title     = {First-order reversal curve diagrams: {A} new tool for characterizing the magnetic properties of natural samples},
author    = {Roberts, A. P. and Pike, C. R. and Verosub, K. L.},
journal   = {J. Geophys. Res.},
volume    = {105},
number    = {B12},
pages     = {28461--28475},
year      = {2000},
DOI       = {10.1029/2000JB900326},
url       = {https://dx.doi.org/10.1029/2000JB900326},
//publisher={Wiley Online Library},
}

@article    {Roberts2006,
title     = {Characterization of hematite ($\alpha$-{Fe$_2$O$_3$}), goethite ($\alpha$-{FeOOH}), greigite ({Fe$_3$S$_4$}), and pyrrhotite ({Fe$_7$S$_8$}) using first-order reversal curve diagrams},
author    = {Roberts, A. P. and Liu, Q. and Rowan, C. J. and Chang, L. and Carvallo, C. and Torrent, J. and Horng, C.},
journal   = {J. Geophys. Res.},
volume    = {111},
number    = {B12},
year      = {2006},
DOI       = {10.1029/2006JB004715},
url       = {https://dx.doi.org/10.1029/2006JB004715},
//publisher={Wiley Online Library},
}

@article    {Roberts2011,
title     = {Magnetic properties of sedimentary greigite ({F}e$_3${S}$_4$): An update},
author    = {Roberts, A. P. and Chang, L. and Rowan, C. J. and Horng, C. -S. and Florindo, F.},
journal   = {Rev. Geophys.},
volume    = {49},
number    = {1},
year      = {2011},
DOI       = {10.1029/2010RG000336},
url       = {https://dx.doi.org/10.1029/2010RG000336},
//pages     = {},
//publisher = {American Geophysical Union},
}

@article    {Roberts1993,
title     = {Diagenetic formation of ferrimagnetic iron sulphide minerals in rapidly deposited marine sediments, {S}outh {I}sland, {N}ew {Z}ealand},
author    = {Roberts, A. P. and Turner, G. M.},
journal   = {Earth Planet. Sc. Lett.},
volume    = {115},
number    = {1},
year      = {1993},
pages     = {257--273},
DOI       = {10.1016/0012-821X(93)90226-Y},
url       = {https://dx.doi.org/10.1016/0012-821X(93)90226-Y},
//publisher = {Elsevier},
}

@article    {Roberts2005,
title     = {Multiple mechanisms of remagnetization involving sedimentary greigite ({F}e$_3${S}$_4$)},
author    = {Roberts, A. P. and Weaver, R.},
journal   = {Earth Planet. Sc. Lett.},
volume    = {231},
number    = {3},
pages     = {263--277},
year      = {2005},
DOI       = {10.1016/j.epsl.2004.11.024},
url       = {https://dx.doi.org/10.1016/j.epsl.2004.11.024},
//publisher = {Elsevier},
}

@article    {Roberts2014,
title     = {Understanding fine magnetic particle systems through use of first-order reversal curve diagrams},
author    = {Roberts, A. P and Heslop, D. and Zhao, X. and Pike, C. R.},
journal   = {Rev. Geophys.},
volume    = {52},
number    = {4},
pages     = {557--602},
year      = {2014},
DOI       = {10.1002/2014RG000462},
url       = {https://dx.doi.org/10.1002/2014RG000462},
//publisher={Wiley Online Library}
}

@article    {Roberts2015,
title     = {Magnetic mineral diagenesis},
author    = {Roberts, A. P.},
journal   = {Earth Sci. Rev.},
volume    = {151},
pages     = {1--47},
year      = {2015},
DOI       = {10.1016/j.earscirev.2015.09.010},
url       = {https://dx.doi.org/10.1016/j.earscirev.2015.09.010},
//publisher = {Elsevier},
}

@article    {Roberts2017,
title     = {Resolving the origin of pseudo-single domain magnetic behavior},
author    = {Roberts, A. P. and Almeida, T. P. and Church, N. S. and Harrison, R. J. and Helsop, D. and Li, Y. and Li, J. and Muxworthy, A. R. and Williams, W and Zhao, X.},
year      = {2017},
journal   = {J. Geophys. Res.},
DOI       = {10.1002/2017JB014860},
url       = {https://dx.doi.org/10.1002/2017JB014860},
//publisher = {American Geophysical Union},
}

@article    {Ron2007,
title     = {Greigite detected as dominating remanence carrier in {L}ate {P}leistocene sediments, {L}isan formation, from {L}ake {K}inneret ({S}ea of {G}alilee), {I}srael},
author    = {Ron, H. and Nowaczyk, N. R. and Frank, U. and Schwab, M. J. and Naumann, R. and Striewski, B. and Agnon, A.},
journal   = {Geophys. J. Int.},
volume    = {170},
number    = {1},
year      = {2007},
pages     = {117--131},
DOI       = {10.1111/j.1365-246X.2007.03425.x},
url       = {https://dx.doi.org/10.1111/j.1365-246X.2007.03425.x},
//publisher = {Oxford University Press},
}

@article    {Rowan2006,
author    = {Rowan, C. J. and Roberts, A. P.},
title     = {Magnetite dissolution, diachronous greigite formation, and secondary magnetizations from pyrite oxidation: {U}nravelling complex magnetizations in {N}eogene marine sediments from {N}ew {Z}ealand},
journal   = {Earth Planet. Sc. Lett.},
volume    = {241},
number    = {1},
year      = {2006},
pages     = {119--137},
DOI       = {10.1016/j.epsl.2005.10.017},
url       = {https://dx.doi.org/10.1016/j.epsl.2005.10.017},
//publisher = {Elsevier},
}

@article    {Rowan2009,
title     = {Reductive diagenesis, magnetite dissolution, greigite growth and paleomagnetic smoothing in marine sediments: {A} new view},
author    = {Rowan, C. J. and Roberts, A. P. and Broadbent, T.},
journal   = {Earth Planet. Sc. Lett.},
volume    = {277},
number    = {1},
pages     = {223--235},
year      = {2009},
DOI       = {10.1016/j.epsl.2008.10.016},
url       = {https://dx.doi.org/10.1016/j.epsl.2008.10.016},
//publisher = {Elsevier},
}

@article    {Smirnov2006,
title     = {Low-temperature magnetic properties of magnetite using first-order reversal curve analysis: {I}mplications for the pseudo-single-domain state},
author    = {Smirnov, A. V.},
journal   = {Geochemistry, Geophysics, Geosystems},
volume    = {7},
number    = {11},
year      = {2006},
DOI       = {10.1029/2006GC001397},
url       = {https://dx.doi.org/10.1029/2006GC001397},
//publisher={Wiley Online Library},
}

@article    {Snowball1997,
title     = {Gyroremanent magnetization and the magnetic properties of greigite-bearing clays in southern {S}weden},
author    = {Snowball, I. F.},
journal   = {Geophys. J. Int.},
volume    = {129},
number    = {3},
year      = {1997},
pages     = {624--636},
DOI       = {10.1111/j.1365-246X.1997.tb04498.x},
url       = {https://dx.doi.org/10.1111/j.1365-246X.1997.tb04498.x},
//publisher = {Oxford University Press},
}

@article    {Stoner1948,
title     = {A mechanism of magnetic hysteresis in heterogeneous alloys},
author    = {Stoner, E. C. and Wohlfarth, E. P.},
journal   = {Philos. T. R. Soc. A.},
volume    = {240},
number    = {826},
pages     = {599--642},
year      = {1948},
DOI       = {},
url       = {https://www.jstor.org/stable/91421},
//publisher = {JSTOR},
}

@article    {Usov1997,
title     = {Theoretical hysteresis loops for single-domain particles with cubic anisotropy},
author    = {Usov, N. A. and Peschany, S. E.},
journal   = {J. Magn. Magn. Mat.},
volume    = {174},
number    = {3},
year      = {1997},
pages     = {247--260},
DOI       = {10.1016/S0304-8853(97)00180-7},
url       = {https://doi.org/10.1016/S0304-8853(97)00180-7},
//publisher = {Elsevier},
}

@article    {ValdezGrijalva2017,
title     = {First-order reversal curve ({FORC}) diagrams of nanomagnets with cubic magnetocrystalline anisotropy},
author    = {Valdez-Grijalva, M. A. and Muxworthy, A. R.},
note      = {. Submitted to J. Magn. Magn. Mater.},
year      = {2017},
//journal   = {},
//volume    = {},
//number    = {},
//pages     = {},
//DOI       = {},
//url       = {},
//publisher = {},
}

@article    {ValdezGrijalva2017B,
title     = {The magnetic structure and palaeomagnetic recording fidelity of sub-micron greigite ({F}e$_3${S}$_4$)},
author    = {Valdez-Grijalva, M. A. and Nagy, L. and Muxworthy, A. R. and Williams, W. and Fabian, K.},
note      = {. Earth Planet. Sc. Lett, in press.},
year      = {2017},
//journal   = {},
//volume    = {},
//number    = {},
//pages     = {},
//DOI       = {},
//url       = {},
//publisher = {},
}

@article    {ValdezGrijalva2018,
title     = {Magnetic vortex effects on first-order reversal curve ({FORC}) diagrams for greigite dispersions},
author    = {Valdez-Grijalva, M. A. and Muxworthy, A. R. and Williams, W. and \'O Conbhu\'i, P. and Nagy, L.  and Roberts, A. P. and Heslop, D.},
note      = {. Submitted to Earth Planet. Sc. Lett.},
year      = {2018},
//journal   = {},
//volume    = {},
//number    = {},
//pages     = {},
//DOI       = {},
//url       = {},
//publisher = {},
}

@article    {Vasiliev2008,
title     = {Putative greigite magnetofossils from the {P}liocene epoch},
author    = {Vasiliev, I. and Franke, C. and Meeldijk, J. D. and Dekkers, M. J. and Langereis, C. G. and Krigjsman, W.},
journal   = {Nat. Geosci.},
volume    = {1},
number    = {11},
year      = {2008},
pages     = {782--786},
DOI       = {10.1038/ngeo335},
url       = {https://dx.doi.org/10.1038/ngeo335},
//publisher = {Nature Publishing Group},
}

@article    {Walker1993,
title     = {The magnetic properties of single-domain particles with cubic anisotropy. {I}. {H}ysteresis loops},
author    = {Walker, M. and Mayo, P. I. and O'Grady, K. and Charles, S. W. and Chantrell, R. W.},
journal   = {J. Phys.: Condens. Matter},
volume    = {5},
number    = {17},
pages     = {2779},
year      = {1993},
DOI       = {10.1088/0953-8984/5/17/012},
url       = {https://doi.org/10.1088/0953-8984/5/17/012},
//publisher = {IOP Publishing},
}

@article    {Williams2006,
title     = {Configurational anisotropy in single-domain and pseudosingle-domain grains of magnetite},
author    = {Williams, W. and Muxworthy, A. R. and Patterson, G. A.},
journal   = {J. Geophys. Res.},
volume    = {111},
number    = {B12},
year      = {2006},
DOI       = {10.1029/2006JB004556},
url       = {https://dx.doi.org/10.1029/2006JB004556},
//pages   = {},
//publisher = {American Geophysical Union},
}

@article    {Winklhofer2014,
title     = {On the magnetocrystalline anisotropy of greigite ({F}e$_3${S}$_4$)},
author    = {Winklhofer, M. and Chang, L. and Eder, S. H. K.},
journal   = {Geochem. Geophys. Geosyst.},
volume    = {15},
number    = {4},
year      = {2014},
pages     = {1558--1579},
DOI       = {10.1002/2013GC005121},
url       = {https://dx.doi.org/10.1002/2013GC005121},
//publisher = {American Geophysical Union},
}

@article    {Witt2005,
title     = {Three-dimensional micromagnetic calculations for naturally shaped magnetite: octahedra and magnetosomes},
author    = {Witt, A. and Fabian, K. and Bleil, U.},
journal   = {Earth Planet. Sc. Lett.},
volume    = {233},
number    = {3},
year      = {2005},
pages     = {311--324},
DOI       = {10.1016/j.epsl.2005.01.043},
url       = {https://dx.doi.org/10.1016/j.epsl.2005.01.043},
//publisher = {Elsevier},
}

@article    {Yamazaki2008,
title     = {Magnetostatic interactions in deep-sea sediments inferred from first-order reversal curve diagrams: {I}mplications for relative paleointensity normalization},
author    = {Yamazaki, T.},
journal   = {Geochem. Geophys. Geosyst.},
volume    = {9},
number    = {2},
year      = {2008},
DOI       = {10.1029/2007GC001797},
url       = {https://dx.doi.org/10.1016/10.1029/2007GC001797},
//publisher={Wiley Online Library},
}

@article    {Zhao2017,
title     = {Magnetic domain state diagnosis using hysteresis reversal curves},
author    = {Zhao, X. and Roberts, A. P. and Heslop, D. and Paterson, G. A. and Li, Y. and Li, J.},
journal   = {J. Geophys. Res.},
year      = {2017},
DOI       = {10.1002/2016JB013683},
url       = {https://dx.doi.org/10.1002/2016JB013683},
//publisher = {American Geophysical Union},
}

